@book{ kawano2018,
  author    = "河野, 哲也",
  title     = "レポート・論文の書き方入門",
  publisher = "慶應義塾大学出版会",
  year      = "2018",
  edition   = "第4版",
  URL       = "https://ci.nii.ac.jp/ncid/BB26507199"
}

@book{ inoshita2019,
  author    = "井下, 千以子",
  title     = "思考を鍛えるレポート・論文作成法 = Developing critical thinking to write papers",
  publisher = "慶應義塾大学出版会",
  year      = "2019",
  edition   = "第3版",
  URL       = "https://ci.nii.ac.jp/ncid/BB27701845"
}

@book{ keiouniv2014,
  author    = "慶應義塾大学日吉キャンパス学習相談員 and 慶應義塾大学教養研究センター",
  title     = "学生による学生のためのダメレポート脱出法",
  publisher = "慶應義塾大学出版会",
  year      = "2014",
  series    = "アカデミック・スキルズ",
  number    = "",
  URL       = "https://ci.nii.ac.jp/ncid/BB16958533"
}

@book{ totayama2002,
  author    = "戸田山, 和久",
  title     = "論文の教室 : レポートから卒論まで",
  publisher = "日本放送出版協会",
  year      = "2002",
  series    = "NHKブックス",
  number    = "954",
  URL       = "https://ci.nii.ac.jp/ncid/BA59738655"
}

@book{ keiouniv2013,
  author    = "慶應義塾大学通信教育課程",
  title     = "レポート用紙 ワープロ用(外国語科目を除く)",
  publisher = "慶應義塾大学",
  year      = "2013",
}

@book{ sako2012,
  author    = "迫, 桂 and 徳永, 聡子",
  title     = "Academic Writing 1 - 英語論文作成法",
  publisher = "慶應義塾大学出版会",
  year      = "2012",
}
